@article{Blessinger2016Open,
  title  = {Open Education: International Perspectives in Higher Education},
  author = {P. Blessinger and T. Bliss},
  year   = {2016},
  doi    = {10.11647/OBP.0103}
}

@misc{CourseraSpecializations,
  title        = {Specializations},
  author       = {Coursera Support},
  howpublished = {\href{https://www.coursera.support/s/article/208280296-Specializations}{link}},
  note         = {Accessed: 2023-09-15}
}

@misc{CourseraMasterTrack,
  title        = {MasterTrack® Certificates},
  author       = {Coursera Support},
  howpublished = {\href{https://www.coursera.org/mastertrack}{link}},
  note         = {Accessed: 2023-09-15}
}

@misc{konings_2023,
  title        = {CMF awarded programmes - European MOOC Consortium},
  howpublished = {\href{https://emc.eadtu.eu/cmf-awarded-programmes}{link}},
  journal      = {Eadtu.eu},
  author       = {Konings, Lizzie},
  note         = {Accessed: 2023-09-16}
}

‌
‌
